@Misc{ipponDocker,
  author =       {Michael Pages},
  title =        {Pr√©sentation de Docker},
  howpublished = {\url{http://blog.ippon.fr/2014/04/14/docker-presentation-part-1/}},
  year =         {04/2014},
}
@Misc{whatIsDocker,
  author =       {The Docker Team},
  title =        {What is Docker?},
  howpublished = {\url{https://www.docker.com/what-docker}},
  year =         {2015},
}
@Misc{realWorldDocker,
  author =       {Aater Suleman},
  title =        {8 Proven Real-World Ways to Use Docker},
  howpublished = {\url{https://www.airpair.com/docker/posts/8-proven-real-world-ways-to-use-docker}},
  year =         {2015},
}
@Misc{webopedia,
  author =       {Webopedia},
  title =        {Containerization definition},
  howpublished = {\url{http://www.webopedia.com/TERM/C/containerization.html}},
  year =         {2015},
}
@Misc{dzone,
  author =       {Ranjib Dey},
  title =        {Infrastructure Tooling Patterns List},
  howpublished = {\url{https://dzone.com/articles/infrastructure-tooling-patterns-list}},
  year =         {09/04/2012},
}
@Misc{hokstad,
  author =       {Vidar Hokstad},
  title =        {Eight Docker Development Patterns},
  howpublished = {\url{http://www.hokstad.com/docker/patterns}},
  year =         {22/10/2014},
}
@Misc{travisDocker,
  author =       {TravisCI Team},
  title =        {Using Docker in Builds},
  howpublished = {\url{https://docs.travis-ci.com/user/docker/}},
  year =         {10/2015},
}

