@Misc{ipponDocker,
  author =       {Michael Pages},
  title =        {Pr√©sentation de Docker},
  howpublished = {\url{http://blog.ippon.fr/2014/04/14/docker-presentation-part-1/}},
  year =         {Avril 2014},
}